<?xml version="1.0" encoding="UTF-8"?><collection xmlns="http://www.loc.gov/MARC21/slim"><record><leader>00572nam--2200205-i-4500</leader><controlfield tag="001">000047140</controlfield><controlfield tag="002">20161230</controlfield><controlfield tag="005">20161230201046</controlfield><controlfield tag="008">060222s1000------------r-----000-0-rus-d</controlfield><datafield ind1=" " ind2=" " tag="040"><subfield code="a">IFIN-HH</subfield></datafield><datafield ind1=" " ind2=" " tag="041"><subfield code="a">rus</subfield></datafield><datafield ind1=" " ind2=" " tag="080"><subfield code="a">539.1.07</subfield></datafield><datafield ind1="1" ind2=" " tag="100"><subfield code="a">Kment, V</subfield></datafield><datafield ind1="1" ind2="0" tag="245"><subfield code="a">Tehnika izmerenia radioaktivnih izlucenii</subfield><subfield code="c">V. kment, a. kuhn</subfield></datafield><datafield ind1=" " ind2=" " tag="260"><subfield code="a">Moskva</subfield><subfield code="b">Nauka</subfield><subfield code="c">1964</subfield></datafield><datafield ind1=" " ind2=" " tag="300"><subfield code="a">699P</subfield></datafield><datafield ind1=" " ind2=" " tag="500"><subfield code="a">Titlul Original In Limba Germana: Technik Des Messens Radioaktiver Strunlung</subfield></datafield><datafield ind1="1" ind2=" " tag="700"><subfield code="a">Kuhn, A</subfield></datafield><datafield ind1=" " ind2=" " tag="852"><subfield code="a">9791</subfield><subfield code="c">539.1.07:539.1.08</subfield></datafield><datafield ind1=" " ind2=" " tag="CAT"><subfield code="a">Sys</subfield><subfield code="c">20111017</subfield><subfield code="h">154741</subfield></datafield></record></collection>